@book{7.1.3-1,
address={Niter\'oi},
author={Gomes, L. G. F. F},
publisher={EdUFF},
title={Novela e sociedade no Brasil},
year={1998}}

@manual{NBR6023:2000,
address={Rio de Janeiro},
month={ago.},
organization={Associa{\c c}\~ao Brasileira de Normas T\'ecnicas},
org-short={ABNT},
subtitle={Informa{\c c}\~ao e documenta{\c c}\~ao: Refer\^encias: Elabora{\c c}\~ao},
title={{NBR} 6023},
year={2000}}

@manual{NBR10520:1988,
address={Rio de Janeiro},
month={out.},
organization={Associa{\c c}\~ao Brasileira de Normas T\'ecnicas},
org-short={ABNT},
subtitle={Apresenta{\c c}\~ao de cita{\c c}\~oes em documentos: Procedimentos},
title={{NBR} 10520},
year={1988}}

@inbook{7.3.2-2,
address={Lisboa},
booktitle={Dicion\'ario da l{\'\i}ngua portuguesa},
publisher={Priberam Inform\'atica},
title={Pol{\'\i}tica},
url={http://www.priberam.pt/dlDLPO},
urlaccessdate={8 mar. 1999},
year={1998}}

@article{7.4.2.1-3,
address={Bras{\'\i}lia, DF},
author={Tourinho, Neto, F. C.},
journal={Consulex},
month={fev.},
number={1},
pages={18-23},
title={Dano ambiental},
volume={ano~1},
year={1997}}

@article{7.4.2.1-2,
address={Rio de Janeiro},
author={C. Gurgel},
journal={Pol{\'\i}tica e administra{\c c}\~ao},
month={set.},
number={2},
pages={15-21},
title={Reforma do estado e seguran{\c c}a p\'ublica},
volume={3},
year={1997}}

@article{7.4.2.3-5,
address={Los Angeles},
author={R. Kelly},
journal={APS News Online},
month={nov.},
title={Electronic publishing at {APS}: its not just online journalism},
url={http://www.aps.org/apsnews/1196/11965.html},
urlaccessdate={25 nov. 1998},
year={1996}}

@article{7.4.2.1-4,
address={Buenos Aires},
author={H. C. F. Mansilla},
journal={Revista Latinoamericana de Filosofia},
month={primavera},
number={2},
title={La controversia entre universalismo y particularismo en la filosofia de
la cultura},
volume={24},
year={1998}}

@article{7.7.1.2-5,
address={Bras{\'\i}lia, DF},
journal={Cole{\c c}\~ao de leis da Rep\'ublica Federativa do Brasil},
month={maio/jun.},
organization={Brasil. {Congresso. Senado}},
pages={1156-1157},
title={Resolu{\c c}\~ao n{$^o$} 17, de 1991. {A}utoriza o desbloqueio de
{L}etras {F}inanceiras do {T}esouro do {E}stado do {R}io {G}rande do {S}ul,
atrav\'es de revoga{\c c}\~ao do par\'agrafo 2{$^o$}, do artigo 1{$^o$} da
{R}esolu{\c c}\~ao n{$^o$} 72, de 1990},
volume={183},
year={1991}}

@article{7.7.1.2-2,
address={S\~ao Paulo},
journal={Lex},
month={out./dez.},
organization={Brasil},
pages={1966},
section={Colet\^anea de Legisla{\c c}\~ao e Jurisprud\^encia: legisla{\c c}\~ao
federal e margin\'alia},
title={Constitui{\c c}\~ao (1988). {E}menda constitucional n{$^o$}9, de 9 de
novembro de 1995. {D}\'a nova reda{\c c}\~ao ao art.\ 177 da {C}onstitui{\c
c}\~ao {F}ederal, alterando e inserindo par\'agrafos},
volume={59},
year={1995}}

@article{7.4.2.3-6,
address={Fortaleza},
journal={Di\'ario do Nordeste Online},
month={27 nov.},
title={Arranjo tribut\'ario},
url={http://www.diariodonordeste.com.br},
urlaccessdate={28 nov. 1998},
year={1998}}


@book{8.1.1.5,
address={S\~ao Paulo},
pages={64},
publisher={C\^amara Brasileira do Livro},
title={Diagn\'ostico do setor editorial brasileiro},
year={1993}}






@misc{HOWE2006,
abstract = {abstract},
author = {HOWE, J},
booktitle = {teste},
pages = {58--62},
title = {{The Rise of Crowdsourcing}},
url = {https://www.wired.com/2006/06/crowds},
urlaccessdate = {12 nov. 2018},
year = {2006}
}

@book{BERGAMINI2008,
address = {S{\~{a}}o Paulo},
author = {BERGAMINI, C. W.},
edition = {4a},
publisher = {Atalas},
title = {{Motiva{\c{c}}{\~{a}}o nas organiza{\c{c}}{\~{o}}es}},
year = {2008}
}

@book{CIORNAI1999,
address = {S{\~{a}}o Paulo},
author = {CIORNAI, S.},
publisher = {Oficina de Textos},
title = {{Contra Cultura {\`{a}} Menopausa: Viv{\^{e}}ncias e Mitos da Passagem}},
year = {1999}
}

@book{CORDEIRO2002,
address = {Lisboa},
author = {CORDEIRO, J. C. D.},
edition = {2a},
publisher = {Funda{\c{c}}{\~{a}}o Calouste Gulbenkian},
title = {{Manual de psiquiatria cl{\'{i}}nica}},
year = {2002}
}

@book{CUNHA2008,
address = {Bras{\'{i}}lia},
author = {CUNHA, M. B and CAVALCANTI, C. R. O},
publisher = {Briquet Lemos},
title = {{Dicion{\'{a}}rio de Biblioteconomia e Arquivologia}},
year = {2008}
}

@book{CUNHA2003,
address = {Porto Alegre},
author = {CUNHA, P},
publisher = {Sulina},
title = {{Olhares sobre a Cibercultura}},
year = {2003}
}

@book{ENGELS2012,
address = {S{\~{a}}o Paulo},
author = {ENGELS, F},
pages = {176},
publisher = {Centauro},
title = {{A origem da fam{\'{i}}lia, da propriedade privada e do Estado}},
year = {2012}
}


@incollection{AIMOLE2010,
address = {S{\~{a}}o Paulo},
author = {AIMOLE, V. N},
booktitle = {LAS CASAS, A. L. (Org) Marketing Interativo: A utiliza{\c{c}}{\~{a}}o de Ferramentas Digitais},
publisher = {Saint Paul Editora},
chapter = {4},
title = {{Empresas que criam as pr{\'{o}}prias redes de relacionamento}},
year = {2010}
}

% <<<<< Referencias de sites (Online)>>>>>>>>>>>>>>>

@misc{_,
organization = {},
author = {},
title={},
url={},
year = {},
urlaccessdate={}
}


% <<<<<< Modelo >>>>>>>>>>>

@misc{BBC2009,
organization = {BBC},
author = {},
title={Solidão pode ser tão nociva quanto o cigarro, diz especialista},
url={https://www.bbc.com/portuguese/noticias/2009/02/090217_solidaodanocerebro_mv},
year = {2009},
urlaccessdate={17 dez. 2018}
}

@misc{BRASIL1996,
organization = {BRASIL. {Ministério da Ciência e Tecnologia}},
author = {},
title={Guia do usuário Internet/Brasil},
url={https://memoria.rnp.br/_arquivo/documentos/rpu0013d.pdf},
year = {1996},
urlaccessdate={10 nov. 2018}
}



@misc{BRETAS2016,
organization = {},
author = {BRETAS, V},
title={Por que mais brasileiros estão morando sozinhos? },
url={https://exame.abril.com.br/brasil/por-que-mais-brasileiros-estao-morando-sozinhos},
year = {2016},
urlaccessdate={12 out. 2018}
}

@misc{CACIOPPO2013,
organization = {},
author = {CACIOPPO, J},
title={A Letalidade da Solidão: John Cacioppo no TEDxDesMoines},
url={https://www.youtube.com/watch?time_continue=1&v=_0hxl03JoA0},
year = {2013},
urlaccessdate={16 dez. 2018}
}

@misc{CASTRO2018,
organization = {},
author = {CASTRO, C},
title={Solidão mata tanto quanto cigarro},
url={https://super.abril.com.br/blog/cienciamaluca/solidao-mata-tanto-quanto-cigarro},
year = {2018},
urlaccessdate={28 nov. 2018}
}



@misc{CHAVES2017,
organization = {},
author = {CHAVES, G},
title={Os motivos e a rotina dos casais que escolhem viver em casas separadas},
url={https://www.correiobraziliense.com.br/app/noticia/revista/2017/03/26/interna_revista_correio,583179/os-motivos-e-a-rotina-dos-casais-que-escolhem-viver-em-casas-separadas.shtml},
year = {2017},
urlaccessdate={10 nov. 2018}
}


@misc{COLLUCCI2013,
organization = {},
author = {COLLUCCI, C},
title={Número de idosos que moram sozinhos triplica em 20 anos},
url={ww1.folha.uol.com.br/equilibrioesaude/2013/12/1389765-numero-de-idosos-que-moram-sozinhos-triplica-em-20-anos.shtml},
year = {2013},
urlaccessdate={09 nov. 2018}
}


@misc{DELVIN2016,
organization = {},
author = {DELVIN, D},
title={Empty-nest syndrome},
url={https://www.netdoctor.co.uk/parenting/a11692/empty-nest-syndrome},
year = {2016},
urlaccessdate={28 nov. 2018}
}

@misc{EXAME2016,
organization = {Revista Exame},
author = {BRETAS, V},
title={Por que mais brasileiros estão morando sozinhos? },
url={https://exame.abril.com.br/brasil/por-que-mais-brasileiros-estao-morando-sozinhos},
year = {2016},
urlaccessdate={18 nov. 2017}
}

@misc{FORUMSAUDE2005,
organization = {FÓRUM NACIONAL DE REDES EM SAÚDE},
author = {},
title={Fórum Nacional de Redes em Saúde},
url={https://www.paho.org/bra/index.php?option=com_docman&view=download&alias=191-forum-nacional-redes-em-saude-1&category_slug=politica-recursos-humanos-em-saude-960&Itemid=965},
year = {2005},
urlaccessdate={26 nov. 2018}
}

@misc{GLOBOREPORTER2018,
organization = {REDE GLOBO TV},
author = {GLOBO REPORTER},
title={Solidão},
url={https://globoplay.globo.com/v/7036460},
year = {2018},
urlaccessdate={22 ago. 2018}
}


@misc{GOVERNOBRASILEIRO2015,
organization = {GOVERNO BRASILEIRO},
author = {},
title={Taxa de fecundidade caiu 18,6\% em 10 anos no País},
url={http://www.brasil.gov.br/cidadania-e-justica/2015/12/taxa-de-fecundidade-caiu-18-6-em-10-anos-no-pais},
year = {},
urlaccessdate={}
}

@misc{IANDOLI2017,
organization = {},
author = {IANDOLI, R},
title={Por que morar sozinho é cada vez uma tendência mundial},
url={https://www.nexojornal.com.br/expresso/2017/08/05/Por-que-morar-sozinho-é-cada-vez-mais-uma-tendência-mundial},
year = {2017},
urlaccessdate={18 nov. 2017}
}

@misc{IBGE2016,
organization = {IBGE},
author = {},
title={Acesso à internet e à televisão e posse de telefone móvel celular para uso pessoal},
url={https://agenciadenoticias.ibge.gov.br/media/com_mediaibge/arquivos/c62c9d551093e4b8e9d9810a6d3bafff.pdf},
year = {2016},
urlaccessdate={10 nov 2018}
}

@misc{IBGE2000,
organization = {IBGE},
author = {},
title={Censo Demográfico },
url={https://ww2.ibge.gov.br/home/presidencia/noticias/27062003censo.shtm},
year = {2000},
urlaccessdate={10 nov. 2018}
}

@misc{IBGE2013,
organization = {IBGE},
author = {},
title={Cerca de 95\% das pessoas utilizaram a Internet para trocar mensagens},
url={https://agenciadenoticias.ibge.gov.br/agencia-sala-de-imprensa/2013-agencia-de-noticias/releases/20073-pnad-continua-tic-2016-94-2-das-pessoas-que-utilizaram-a-internet-o-fizeram-para-trocar-mensagens},
year = {2013},
urlaccessdate={10 nov. 2018}
}

@misc{IBGE2013-2,
organization = {IBGE},
author = {},
title={Estatísticas do Registro Civil},
url={https://ww2.ibge.gov.br/home/estatistica/populacao/registrocivil/2013/default_xls.shtm},
year = {2013},
urlaccessdate={10 nov. 2018}
}

@misc{IBGE2016,
organization = {IBGE},
author = {},
title={Síntese de indicadores sociais 2016: uma análise das condições de vida da população brasileira},
url={https://agenciadenoticias.ibge.gov.br/media/com_mediaibge/arquivos/f6cd016a041d89a768b1fd472a90d5f3.pdf},
year = {2016},
urlaccessdate={14 nov. 2018}
}

@misc{NASCIMENTO2006,
organization = {},
author = {NASCIMENTO, A},
title={População e família Brasileira: Ontem e hoje},
url={http://143.107.236.240/disciplinas/SAP5846/populacao_familia_nascimento_abep06.pdf},
year = {2006},
urlaccessdate={10 nov. 2018}
}

@misc{PAVAN2007,
organization = {},
author = {PAVAN, C},
title={Connotea: site para a comunicação científica e compartilhamento de informações na Internet},
url={https://periodicos.sbu.unicamp.br/ojs/index.php/rdbci/article/view/2005/2126},
year = {2007},
urlaccessdate={10 nov. 2018}
}

@misc{PEREIRA2017,
organization = {},
author = {PEREIRA, Y},
title={Rede social para pesquisa e criação de projetos colaborativos},
url={https://repositorio.ufsc.br/xmlui/bitstream/handle/123456789/177707/YulleUlguim-TCC-FINAL.pdf?sequence=1&isAllowed=y},
year = {2017},
urlaccessdate={12 out. 2017}
}

@misc{PEROVANO2012,
organization = {},
author = {PEROVANO, D},
title={Manual de metodologia científica},
url={https://www.techtudo.com.br/artigos/noticia/2012/04/o-que-e-e-como-usar-o-mysql.html},
year = {2012},
urlaccessdate={15 dez. 2018}
}

@misc{POSGRADUANDO,
organization = {PÓS GRADUANDO},
author = {},
title={As diferenças entre pesquisa descritiva, exploratória e explicativa. },
url={https://posgraduando.com/diferencas-pesquisa-descritiva-exploratoria-explicativa},
year = {SL},
urlaccessdate={15 dez. 2018}
}

@misc{ROBERTS2010,
organization = {},
author = {ROBERTS, M},
title={Amigos fazem probabilidade de sobrevivência aumentar em 50\%, diz estudo},
url={https://www.bbc.com/portuguese/noticias/2010/07/100728_amigossaudefn},
year = {2010},
urlaccessdate={28 nov. 2018}
}

@misc{SOUZA2016,
organization = {},
author = {SOUZA, W},
title={Pessoas cada vez mais optam morar sozinhas},
url={https://diariodepernambuco.lugarcerto.com.br/app/noticia/noticias/2016/05/05/interna_noticias,45795/pessoas-optam-em-morar-so.shtml},
year = {2016},
urlaccessdate={09 nov. 2018}
}

@misc{SPCBRASIL2017,
organization = {SPC BRASIL},
author = {},
title={48\% dos brasileiros que moram sozinhos tomaram essa decisão por vontade própria, revela estudo do SPC Brasil},
url={https://www.spcbrasil.org.br/pesquisas/pesquisa/2840},
year = {2017},
urlaccessdate={}
}


@misc{SPCBRASIL2017-2,
organization = {SPC BRASIL},
author = {},
title={Hábitos e consumo das pessoas que moram sozinhas},
url={https://www.spcbrasil.org.br/wpimprensa/wp-content/uploads/2017/04/Analise_quem_mora_sozinho_abril_2017-1.pdf},
year = {2017},
urlaccessdate={10 nov. 2018.}
}


@misc{THENEXTWEB2017,
author = {},
organization = {THE NEXT WEB},
title={Number of social media users passes 3 billion with no signs of slowing},
url={https://thenextweb.com/contributors/2017/08/07/number-social-media-users-passes-3-billion-no-signs-slowing/#.tnw_CzcMScMP},
year = {2017},
urlaccessdate={10 nov. 2018}
}


@misc{VEJA2012,
author = {},
organization = {REVISTA VEJA},
title={Pessoas que moram sozinhas sofrem mais de depressão},
url={https://veja.abril.com.br/saude/pessoas-que-moram-sozinhas-sofrem-mais-de-depressao},
year = {2012},
urlaccessdate={16 out. 2018}
}

%-=-=-=-= REFERENCIAS QUALDIADE SOFTWRE -=-=-=-=

@BOOK {GARVIN2002,
    author    = "GARVIN, DAVID A",
    title     = "Gerenciando a qualidade: a visão estratégica e competitiva.",
    publisher = "Qualitymark",
    year      = "2002",
    address = "Rio de Janeiro"
}

@BOOK {CROSBY1979,
    author    = "CROSBY, PHILLIP B",
    title     = "Quality is Free: The Art of Making Quality Certain.",
    publisher = "McGraw-Hill Book Company",
    year      = "1979",
    address   = "New York"
}

@BOOK {CAMPOS1992,
    author    = "CAMPOS, VICENTE",
    title     = "TQC – Controle da Qualidade Total.",
    publisher = "Bloch Ed",
    year      = "1992",
    address   = "Belo Horizonte"
}

@BOOK {ISO90002005,
    author    = "ISO9000",
    title     = "Sistemas de gestão de qualidade - Fundamentos e vocabularios.",
    publisher = "ISO/ABNT NBR - Associação Brasileira de Normas técnicas",
    year      = "2005",
    edition    = "2",
    address   = "Rio de Janeiro"
}

@BOOK {VERGUEIRO2002,
    author    = "VERGUEIRO, Waldomiro",
    title     = "Qualidade de Serviços",
    publisher = "Atlas",
    year      = "2002",
    address   = "São Paulo",
    edition   = "4"
}

@BOOK {DEMING1986,
    author    = "DEMING, Willian E.",
    title     = "Out of the crisis",
    publisher = "Cambridge, Mass",
    year      = "1986",
    address   = "EUA"
}

@BOOK {ARAUJO2007,
    author    = "ARAUJO, LUIZ C. G",
    title     = "Organização, sistemas e métodos e as tecnologias de gestão organizacional: arquitetura organizacional, benchmarking, empowerment, gestão pela qualidade total, reengenharia",
    publisher = "Atlas",
    year      = "2007",
    address   = "São Paulo",
    edition   = "3"
}

@BOOK {RANGEL1195,
    author    = "RANGEL, A",
    title     = "Momento de qualidade",
    publisher = "Atlas",
    year      = "1995",
    address   = "São Paulo"
}

@BOOK {MARTINSELAUGENI2006,
    author    = "MARTINS, P.G. and LAUGENI, F. P. ",
    title     = "Administração da Produção",
    publisher = "Saraiva",
    year      = "2006",
    address   = "São Paulo",
    edition   = "2"
}


@BOOK {SOMMERVILLE2003,
    author    = "SOMMERVILLE,Ian ",
    title     = "Engenharia de Software",
    publisher = "Addison-Wesley",
    year      = "2003",
    address   = "São Paulo",
    edition   = "6"
}

@BOOK {PRESSMAN2002,
    author    = "PRESSMAN, Roger S ",
    title     = "Engenharia de Software",
    publisher = "McGraw-Hill",
    year      = "2002",
    address   = "Rio de Janeiro",
    edition   = "6"
}

@BOOK {BARTIE2002,
    author    = "BARTIÉ, Alexandre ",
    title     = "Garantia da qualidade de software: adquirindo maturidade organizacional",
    publisher = "Elsevier",
    year      = "2002",
    address   = "Rio de Janeiro"
}

@BOOK {PRESSMAN2004,
    author    = "PRESSMAN, Roger S",
    title     = "Engenharia de Software",
    publisher = "Makron Books",
    year      = "2004",
    address   = "São Paulo",
    edition   = "3"
}

@BOOK {PRESSMAN2011,
    author    = "PRESSMAN, Roger S",
    title     = "Engenharia de Software",
    publisher = "McGraw Hill",
    year      = "2011",
    address   = "São Paulo"
}


@misc{UNEMAT,
author = {UNEMAT},
organization = {Universidade do Estado de Mato Grosso},
title={Qualidade de Software},
url={http://www2.unemat.br/rhycardo/download/qualidade_em_software.pdf},
year      = 2007,
urlaccessdate={23 mar. 2019}
}

@BOOK {MALDONADO2001,
    author    = "MALDONADO, J C",
    title     = "Qualidade de Software , Teoria e prática",
    publisher = "Pearson",
    year      = "2001",
    address   = "São Paulo"
}

@BOOK {PRESSMAN2007,
    author    = "PRESSMAN, Roger S",
    title     = "Engenharia de Software",
    publisher = "Makron Books",
    year      = "2007",
    address   = "São Paulo",
     edition   = "7"
}

@misc{MODESTOEOLIVEIRA2010,
author = {MODESTO, J and OLIVEIRA, C},
title={Tipos de software},
url={http://nocoesengsw.blogspot.com/2010/03/tipos-de-software.html},
year      = 2010,
urlaccessdate={26 mar. 2019}
}
