@BOOK {GARVIN2002,
    author    = "Garvin, David A",
    title     = "Gerenciando a qualidade: a visão estratégica e competitiva.",
    publisher = "Qualitymark",
    year      = "2002",
    address = "Rio de Janeiro"
}

@BOOK {CROSBY1979,
    author    = "Crosby, Phillip B",
    title     = "Quality is Free: The Art of Making Quality Certain.",
    publisher = "McGraw-Hill Book Company",
    year      = "1979",
    address   = "New York"
}

@BOOK {CAMPOS1992,
    author    = "Campos, Vicente",
    title     = "TQC – Controle da Qualidade Total.",
    publisher = "Bloch Ed",
    year      = "1992",
    address   = "Belo Horizonte"
}

@BOOK {ISO90002005,
    author    = "ISO9000",
    title     = "Sistemas de gestão de qualidade - Fundamentos e vocabularios.",
    publisher = "ISO/ABNT NBR - Associação Brasileira de Normas técnicas",
    year      = "2005",
    edition    = "2",
    address   = "Rio de Janeiro"
}

@BOOK {VERGUEIRO2002,
    author    = "Vergueiro, Waldomiro",
    title     = "Qualidade de Serviços",
    publisher = "Atlas",
    year      = "2002",
    address   = "São Paulo",
    edition   = "4"
}

@BOOK {DEMING1986,
    author    = "Deming, Willian E",
    title     = "Out of the crisis",
    publisher = "Cambridge, Mass",
    year      = "1986",
    address   = "EUA"
}

@BOOK {ARAUJO2007,
    author    = "Araujo, Luiz C G",
    title     = "Organização, sistemas e métodos e as tecnologias de gestão organizacional: arquitetura organizacional, benchmarking, empowerment, gestão pela qualidade total, reengenharia",
    publisher = "Atlas",
    year      = "2007",
    address   = "São Paulo",
    edition   = "3"
}

@BOOK {RANGEL1195,
    author    = "Rangel,  A",
    title     = "Momento de qualidade",
    publisher = "Atlas",
    year      = "1995",
    address   = "São Paulo"
}

@BOOK {MARTINSELAUGENI2006,
    author    = "Martins, P.G and Laugeni, F. P. ",
    title     = "Administração da Produção",
    publisher = "Saraiva",
    year      = "2006",
    address   = "São Paulo",
    edition   = "2"
}

@BOOK {BARTIE2002,
    author    = "Bartie, Alexandre ",
    title     = "Garantia da qualidade de software: adquirindo maturidade organizacional",
    publisher = "Elsevier",
    year      = "2002",
    address   = "Rio de Janeiro"
}


@misc{UNEMAT,
author = {Unemat},
organization = {Universidade do Estado de Mato Grosso},
title={Qualidade de Software},
url={http://www2.unemat.br/rhycardo/download/qualidade_em_software.pdf},
year      = 2007,
urlaccessdate={23 mar. 2019}
}

@BOOK {MALDONADO2001,
    author    = "Maldonado, J C",
    title     = "Qualidade de Software , Teoria e prática",
    publisher = "Pearson",
    year      = "2001",
    address   = "São Paulo"
}

@BOOK {SOMMERVILLE2003,
    author    = "Sommerville, Ian ",
    title     = "Engenharia de Software",
    publisher = "Addison-Wesley",
    year      = "2003",
    address   = "São Paulo",
    edition   = "6"
}

@BOOK {SOMMERVILLE2008,
    author    = "Sommerville, Ian ",
    title     = "Engenharia de Software",
    publisher = "Pearson Prentice-Hal",
    year      = "2008",
    address   = "Brasil",
    edition   = "8"
}





@BOOK {PRESSMAN1995,
    author    = "Pressman, Roger S ",
    title     = "Engenharia de Software",
    publisher = "Makron Books",
    year      = "1995",
    address   = "São Paulo"

}

@BOOK {PRESSMAN2002,
    author    = "Pressman, Roger S ",
    title     = "Engenharia de Software",
    publisher = "McGraw-Hill",
    year      = "2002",
    address   = "Rio de Janeiro",
    edition   = "6"
}

@BOOK {PRESSMAN2007,
    author    = "Pressman, Roger S",
    title     = "Engenharia de Software",
    publisher = "Makron Books",
    year      = "2007",
    address   = "São Paulo",
     edition   = "7"
}

@BOOK {PRESSMAN2004,
    author    = "Pressman, Roger S",
    title     = "Engenharia de Software",
    publisher = "Makron Books",
    year      = "2004",
    address   = "São Paulo",
    edition   = "3"
}

@BOOK {PRESSMAN2006,
    author    = "Pressman, Roger S",
    title     = "Engenharia de Software",
    publisher = "Mc Graw Hill",
    year      = "2010",
    address   = "Porto Alegre",
    edition   = "6"
}

@BOOK {PRESSMAN2011,
    author    = "Pressman, Roger S",
    title     = "Engenharia de Software",
    publisher = "McGraw Hill",
    year      = "2011",
    address   = "São Paulo"
}


@misc{MODESTOEOLIVEIRA2010,
author = {Modesto, J and Oliveira, C},
title={Tipos de software},
url={http://nocoesengsw.blogspot.com/2010/03/tipos-de-software.html},
year      = 2010,
urlaccessdate={26 mar. 2019}
}

@BOOK {MCCONNELL1996,
    author    = "McConnell, Steve",
    title     = "Rapid Development: Taming Wild Software Schedules",
    publisher = "Microsoft Press",
    year      = "1996",
    address   = "Washington"
}
